@article{kane2017implementation,
  title={Implementation of the mouse frailty index},
  author={Kane, Alice E and Ayaz, Omar and Ghimire, Anjali and Feridooni, Hirad A and Howlett, Susan E},
  journal={Canadian journal of physiology and pharmacology},
  volume={95},
  number={10},
  pages={1149--1155},
  year={2017},
  publisher={NRC Research Press}
}
@article{rockwood2017frailty,
  title={A frailty index based on deficit accumulation quantifies mortality risk in humans and in mice},
  author={Rockwood, K and Blodgett, JM and Theou, O and Sun, MH and Feridooni, HA and Mitnitski, A and Rose, RA and Godin, J and Gregson, E and Howlett, SE},
  journal={Scientific reports},
  volume={7},
  pages={43068},
  year={2017},
  publisher={Nature Publishing Group}
}
@article{searle2008standard,
  title={A standard procedure for creating a frailty index},
  author={Searle, Samuel D and Mitnitski, Arnold and Gahbauer, Evelyne A and Gill, Thomas M and Rockwood, Kenneth},
  journal={BMC geriatrics},
  volume={8},
  number={1},
  pages={24},
  year={2008},
  publisher={BioMed Central}
}
@article{whitehead2014clinical,
  title={A clinical frailty index in aging mice: comparisons with frailty index data in humans},
  author={Whitehead, Jocelyne C and Hildebrand, Barbara A and Sun, Michael and Rockwood, Michael R and Rose, Robert A and Rockwood, Kenneth and Howlett, Susan E},
  journal={Journals of Gerontology Series A: Biomedical Sciences and Medical Sciences},
  volume={69},
  number={6},
  pages={621--632},
  year={2014},
  publisher={Oxford University Press US}
}


@article{imagama2011back,
  title={Back muscle strength and spinal mobility are predictors of quality of life in middle-aged and elderly males},
  author={Imagama, Shiro and Matsuyama, Yukihiro and Hasegawa, Yukiharu and Sakai, Yoshihito and Ito, Zenya and Ishiguro, Naoki and Hamajima, Nobuyuki},
  journal={European Spine Journal},
  volume={20},
  number={6},
  pages={954--961},
  year={2011},
  publisher={Springer}
}

@article{holguin2014aging,
  title={The aging mouse partially models the aging human spine: lumbar and coccygeal disc height, composition, mechanical properties, and Wnt signaling in young and old mice},
  author={Holguin, Nilsson and Aguilar, Rhiannon and Harland, Robin A and Bomar, Bradley A and Silva, Matthew J},
  journal={Journal of Applied Physiology},
  volume={116},
  number={12},
  pages={1551--1560},
  year={2014},
  publisher={American Physiological Society Bethesda, MD}
}

@article{perez2016adipaging,
  title={'Adipaging': ageing and obesity share biological hallmarks related to a dysfunctional adipose tissue},
  author={P{\'e}rez, Laura M and Pareja-Galeano, Helios and Sanchis-Gomar, Fabi{\'a}n and Emanuele, Enzo and Lucia, Alejandro and G{\'a}lvez, Beatriz G},
  journal={The Journal of physiology},
  volume={594},
  number={12},
  pages={3187--3207},
  year={2016},
  publisher={Wiley Online Library}
}

@article{scafoglieri2014use,
  title={Use of anthropometry for the prediction of regional body tissue distribution in adults: benefits and limitations in clinical practice},
  author={Scafoglieri, Aldo and Clarys, Jan Pieter and Cattrysse, Erik and Bautmans, Ivan},
  journal={Aging and disease},
  volume={5},
  number={6},
  pages={373},
  year={2014},
  publisher={JKL International LLC}
}

@article{pappas2019translation,
  title={The translation of age-related body composition findings from rodents to humans},
  author={Pappas, Lindsay E and Nagy, Tim R},
  journal={European journal of clinical nutrition},
  volume={73},
  number={2},
  pages={172--178},
  year={2019},
  publisher={Nature Publishing Group}
}

@article{huffman2009role,
  title={Role of visceral adipose tissue in aging},
  author={Huffman, Derek M and Barzilai, Nir},
  journal={Biochimica et Biophysica Acta (BBA)-General Subjects},
  volume={1790},
  number={10},
  pages={1117--1123},
  year={2009},
  publisher={Elsevier}
}